@techreport{understanding-pcie,
    title       = {Understanding Performance of PCI Express Systems},
    author      = {Jason Lawley},
    month       = {October},
    year        = {2014},
    institution = {XILINX}
}

@manual{mellanox-infiniband-manual,
    title   = {SwitchX 36-Port QSFP FDR InfiniBand System Hardware User Manual},
    author  = {Mellanox Technologies},
    year    = {2013},
    url     = {http://www.mellanox.com/related-docs/user_manuals/SX60XX_User_Manual.pdf}
}

@standard{sata-3-standard,
    title   = {Serial ATA Revision 3.0},
    author  = {The Serial ATA International Organisation},
    year    = {2009},
    month   = {June}
}

@techreport{fast-just-got-faster-sata-3,
    title   = {Fast Just Got Faster: SATA 6Gb/s},
    author  = {The Serial ATA International Organisation},
    year    = {2009},
    month   = {May},
    url     = {https://www.sata-io.org/system/files/member-downloads/SATA-6Gbs-Fast-Just-Got-Faster_2.pdf}
}

@techreport{hibench-techreport,
    title       = {The HiBench Benchmark Suite: Characterization of the MapReduce-Based Data Analysis},
    author      = {Shengsheng Huang and Jie Huang and Jinquan Dai and Tao Xie and Bo Huang},
    institution = {Intel China Software Center, Shanghai},
    year        = {2010}
}

@article{energy-efficient-gpu,
	title	= {On the energy efficiency of graphics processing units for scientific computing},
	author	= {S. Huang and S. Xiao and W. Feng},
	journal	= {{IEEE International Symposium on Parallel and Distributed Processing}},
	year	= {2009},
	month	= "May"
}

@article{accelerating-matrix-product,
	title	= "{Accelerating matrix product on reconfigurable hardware for image processing applications}",
	author	= "F. Bensaali and A. Amira and A. Bouridane",
	journal	= "{Circuits, Devices and Systems, IEE Proceedings}",
	volume	= 152,
	year	= 2005,
	month 	= "June"
}

@misc{quantitative-finance-gpu,
	title	= "Accelerating Quantitative Financial Computing with CUDA and GPUs",
	author	= "Gerald A. Hanwerck, Jr.",
	year	= 2013,
	month	= "March",
	url		= "http://on-demand.gputechconf.com/gtc/2013/presentations/S3373-Accelerating-Quantitative-Financial-Computing.pdf"
}

@article{big-data-biocuration,
    title   = {Big data: The future of biocuration},
    author  = {Doug Howe et al.},
    journal = {Nature},
    year    = {2008},
    month   = {September},
    volume  = {455}
}

@article{mic-accelerate-bfs,
    title   = {Using MIC to accelerate a typical data-intensive application: the Breadth-first Search},
    author  = {Gao Tao and Lu Yutong and Suo Guang},
    year    = {2013},
    journal = {IEEE International Symposium on Parallel \& Distributed Processing Workshops},
    volume  = {27th}
}