@article{data-intensive-compute-paradigm,
	title 	= "{The changing paradigm of data intensive computing}",
	author 	= "Richard T. Kouzes and Gordon A. Anderson and Stephen T. Elbert and Ian Gorton and
Deborah K. Gracio",
	journal	= "{IEEE Computer}",
	year 	= 2009,
	month	= "September"
}

@article{parallel-data-intensive-compute,
	title	= "{Parallel data intensive computing in scientific and commercial applications}",
	author 	= "Mario Cannataro and Domenico Talia and Pradip K. Srimani",
	journal	= "{Parallel Computing}",
	year	= 2002,
	month	= "May"
}

@book{cloud-computing-handbook,
	title		= "{Handbook of Cloud Computing}",
	author		= "Borko Furht and Armando Escalante",
	publisher	= "Springer",
	year		= 2010
}

@article{accelerating-matrix-product,
	title	= "{Accelerating matrix product on reconfigurable hardware for image processing applications}",
	author	= "F. Bensaali and A. Amira and A. Bouridane",
	journal	= "{Circuits, Devices and Systems, IEE Proceedings}",
	volume	= 152,
	year	= 2005,
	month 	= "June"
}

@article{energy-efficient-gpu,
	title	= "{On the energy efficiency of graphics processing units for scientific computing}",
	author	= "S. Huang and S. Xiao and W. Feng",
	journal	= "{IEEE International Symposium on Parallel \& Distribued Processing}",
	year	= 2009,
	month	= "May"
}

@book{data-science-big-data,
	title		= "{Data Science and Big Data Analytics: Discovering, Analyzing, Visualizing and Presenting Data}",
	author		= "EMC Education Services",
	publisher	= "{John Wiley \& Sons}",
	year		= 2015,
	month		= "March"
}

@misc{apache-spark,
	title	= "{Apache Spark Homepage}",
	author	= "The Apache Software Foundation",
	year	= 2015,
	month	= "October",
	url		= "https://spark.apache.org/"
}

@misc{apache-storm,
	title	= "{Apache Storm Homepage}",
	author	= "The Apache Software Foundation",
	year	= 2015,
	month	= "June",
	url		= "https://storm.apache.org/"
}

@book{sommverville-sweng,
	title		= "{Software Engineering}",
	author		= "Ian Sommerville",
	publisher	= "Pearson",
	year		= 2015,
	month		= "August"
}

@article{genomics-big-data,
	title	= "‘Big data’, Hadoop and cloud computing in genomics",
	author	= "Aisling O’Driscoll and Jurate Daugelaite and Roy D. Sleator",
	journal	= "{Journal of Biomedical Informatics}",
	volume	= 42,
	year	= 2013,
	month	= "October"
}

@misc{mapreduce-tut-apache-hadoop,
	title	= "{Apache Hadoop MapReduce Tutorial}",
	author 	= "The Apache Software Foundation",
	year 	= 2015,
	month 	= "June",
	url		= "http://hadoop.apache.org/docs/current/hadoop-mapreduce-client/hadoop-mapreduce-client-core/MapReduceTutorial.html#Overview"
}

@article{computational-physics-gpu,
	title	= "{Computational Physics on Graphics Processing Units}",
	author	= "Ari Harju and Topi Siro and Filippo Federici Canova abnd Samuli Hakala and Teemu Rantalaiho",
	year	= 2013
}

@misc{quantitative-finance-gpu,
	title	= "Accelerating Quantitative Financial Computing with CUDA and GPUs",
	author	= "Gerald A. Hanwerck, Jr.",
	year	= 2013,
	month	= "March",
	url		= "http://on-demand.gputechconf.com/gtc/2013/presentations/S3373-Accelerating-Quantitative-Financial-Computing.pdf"
}

@unpublished{chiron-wisc-slides,
	title	= "Chiron: Data Intensive Computing for Warwick",
	author	= "Warwick Institute for the Science of Cities",
	year	= 2015,
	note	= "Original slides detailing Chiron"
}

@misc{big-data-bench-home,
	title	= "BigDataBench Homepage",
	author	= "ICT, Chinese Academy of Sciences",
	url		= "http://prof.ict.ac.cn/BigDataBench/",
	year	= 2015,
	month	= "October"
}

@article{dwarf-workloads-big-data,
	author    = {Wanling Gao and
	           Chunjie Luo and
	           Jianfeng Zhan and
	           Hainan Ye and
	           Xiwen He and
	           Lei Wang and
	           Yuqing Zhu and
	           Xinhui Tian},
	title     = {Identifying Dwarfs Workloads in Big Data Analytics},
	journal   = {CoRR},
	volume    = {abs/1505.06872},
	year      = {2015},
	url       = {http://arxiv.org/abs/1505.06872},
	timestamp = {Mon, 01 Jun 2015 14:13:54 +0200},
	biburl    = {http://dblp.uni-trier.de/rec/bib/journals/corr/GaoLZYH0ZT15},
	bibsource = {dblp computer science bibliography, http://dblp.org}
}

@article{on-big-data-benchmarking,
	  author    = {Rui Han and
	               Xiaoyi Lu},
	  title     = {On Big Data Benchmarking},
	  journal   = {CoRR},
	  volume    = {abs/1402.5194},
	  year      = {2014},
	  url       = {http://arxiv.org/abs/1402.5194},
	  timestamp = {Wed, 05 Mar 2014 14:43:44 +0100},
	  biburl    = {http://dblp.uni-trier.de/rec/bib/journals/corr/HanL14},
	  bibsource = {dblp computer science bibliography, http://dblp.org}
}

@article{bdgs-paper,
	title	= {BDGS: A Scalable Big Data Generator Suite in Big Data Benchmarking},
	author	= {Zijian Ming and Chunjie Luo and Wanling Gao and Rui Han and Qiang Yang and Lei Wang and Jianfeng Zhan},
	year	= 2013
}